@web_page{mscodes,
    key = {mscodes},
    journal = {Ms.Codes},
    title = {CPU Clock Speed History Graph},
    url = {https://ms.codes/blogs/computer-hardware/cpu-clock-speed-history-graph},
    year = {2025},
}

@web_page{Mattson2014,
   author = {Pär Mattson},
   journal = {Comsol},
   title = {Why Haven’t CPU Clock Speeds Increased in the Last Few Years? | COMSOL Blog},
   url = {https://www.comsol.com/blogs/havent-cpu-clock-speeds-increased-last-years},
   year = {2014},
}

